
@inproceedings{Nagle2004PAS1048933.1049998,
 author = {Nagle, David and Serenyi, Denis and Matthews, Abbie},
 title = {The Panasas ActiveScale Storage Cluster: Delivering Scalable High Bandwidth Storage},
 booktitle = {Proceedings of the 2004 ACM/IEEE conference on Supercomputing},
 series = {SC '04},
 year = {2004},
 isbn = {0-7695-2153-3},
 pages = {53--},
 url = {http://dx.doi.org/10.1109/SC.2004.57},
 doi = {10.1109/SC.2004.57},
 acmid = {1049998},
 publisher = {IEEE Computer Society},
 address = {Washington, DC, USA},
} 

@inproceedings{varadi2008clarin,
  title={CLARIN: Common Language Resources and Technology Infrastructure.},
  author={V{\'a}radi, Tam{\'a}s and Krauwer, Steven and Wittenburg, Peter and Wynne, Martin and Koskenniemi, Kimmo},
  booktitle={LREC},
  year={2008}
}

@inproceedings{constantopoulos2008preparing,
  title={Preparing DARIAH},
  author={Constantopoulos, Panos and Dallas, Costis and Doorn, Petern and Gavrilis, Dimitris and Gros, Andreas and Stylianou, Georgios},
  booktitle={Proceedings of the International Conference on Virtual Systems and MultiMedia (VSMM08)},
  year={2008}
}



@article{tablan2013gatecloud,
  title={GATECloud. net: a platform for large-scale, open-source text processing on the cloud},
  author={Tablan, Valentin and Roberts, Ian and Cunningham, Hamish and Bontcheva, Kalina},
  journal={Philosophical Transactions of the Royal Society A: Mathematical, Physical and Engineering Sciences},
  volume={371},
  number={1983},
  year={2013},
  publisher={The Royal Society}
}
